@misc{loopix,
      title={The Loopix Anonymity System}, 
      author={Ania Piotrowska and Jamie Hayes and Tariq Elahi and Sebastian Meiser and George Danezis},
      year={2017},
      eprint={1703.00536},
      archivePrefix={arXiv},
      primaryClass={cs.CR}
}

@misc{phonemes,
  author={White, Andrew M. and Matthews, Austin R. and Snow, Kevin Z. and Monrose, Fabian},
  booktitle={2011 IEEE Symposium on Security and Privacy}, 
  title={Phonotactic Reconstruction of Encrypted VoIP Conversations: Hookt on Fon-iks}, 
  year={2011},
  volume={},
  number={},
  url={https://www.cs.unc.edu/~fabian/papers/foniks-oak11.pdf},
  pages={3-18},
  doi={10.1109/SP.2011.34}}

@misc{phonemesdl,
author = {Wang, Chenggang and Kennedy, Sean and Li, Haipeng and Hudson, King and Atluri, Gowtham and Wei, Xuetao and Sun, Wenhai and Wang, Boyang},
year = {2020},
month = {07},
pages = {254-265},
title = {Fingerprinting encrypted voice traffic on smart speakers with deep learning},
doi = {10.1145/3395351.3399357}
}


@misc{trilemma,
  author = {FRL},
  title = {Anonymity Trilemma},
  howpublished = {\url{https://freedom.cs.purdue.edu/projects/trilemma.html}}
}



@misc{pion,
  author = {Egon Elbre, Sean DuBois, Steffen Vogel},
  title = {Pion},
  year = {2023},
  publisher = {GitHub},
  journal = {GitHub repository},
  howpublished = {\url{https://github.com/pion/opus}}
}

@misc{symphonia,
  author = {Philip Deljanov},
  title = {Symphonia},
  year = {2022},
  publisher = {GitHub},
  journal = {GitHub repository},
  howpublished = {\url{https://github.com/pdeljanov/Symphonia}}
}

@misc{opusdoc,
  author = {IETF},
  title = {Opus technical details},
  howpublished = {\url{https://datatracker.ietf.org/doc/html/rfc6716}}
}

@misc{opuscomp,
  author = {Opus},
  title = {Opus comparison},
  howpublished = {\url{https://www.opus-codec.org/comparison/}}
}


@inproceedings{opuscomp2,
  title={Voice Quality Characterization of IETF Opus Codec},
  author={Anssi R{\"a}m{\"o} and Henri Toukomaa},
  booktitle={Interspeech},
  year={2011},
  url={https://api.semanticscholar.org/CorpusID:16579635}
}


@misc{meyer1,
      title={Anonymizing Speech with Generative Adversarial Networks to Preserve Speaker Privacy}, 
      author={Sarina Meyer and Pascal Tilli and Pavel Denisov and Florian Lux and Julia Koch and Ngoc Thang Vu},
      year={2022},
      eprint={2210.07002},
      archivePrefix={arXiv},
      primaryClass={cs.SD}
}

@misc{meyer2,
      title={Speaker Anonymization with Phonetic Intermediate Representations}, 
      author={Sarina Meyer and Florian Lux and Pavel Denisov and Julia Koch and Pascal Tilli and Ngoc Thang Vu},
      year={2022},
      eprint={2207.04834},
      archivePrefix={arXiv},
      primaryClass={cs.SD}
}

@misc{LPC,
  author = {Hyung-Suk Kim},
  title = {LPC},
  howpublished = {\url{https://ccrma.stanford.edu/~hskim08/lpc/}}
}

@misc{xiph,
  author = {XIPH},
  title = {RNNoise},
  howpublished = {\url{https://github.com/xiph/rnnoise}, \url{https://jmvalin.ca/demo/rnnoise/}}
}

@misc{werman,
  author = {Werman},
  title = {Noise suppression},
  howpublished = {\url{https://github.com/werman/noise-suppression-for-voice/}}
}

@misc{change,
  author = {W. Okada},
  title = {Voice Changer},
  howpublished = {\url{https://github.com/w-okada/voice-changer}}
}

@misc{knector,
  author = {Knector},
  title = {Knector},
  year = {2020},
  publisher = {GitHub},
  journal = {GitHub repository},
  howpublished = {\url{https://github.com/knector01/lpc.lv2}}
}

@misc{thesis,
author={Eric Hellman and Mattias Nordstrand},
title={Research in methods for achieving secure voice anonymization},
howpublished={\url{https://www.diva-portal.org/smash/get/diva2:1678546/FULLTEXT01.pdf}}
}

@misc{sharmaroad,
      title={The Road Not Taken: Re-thinking the Feasibility of Voice Calling Over Tor}, 
      author={Piyush Kumar Sharma and Shashwat Chaudhary and Nikhil Hassija and Mukulika Maity and Sambuddho Chakravarty},
      year={2020},
      eprint={2007.04673},
      archivePrefix={arXiv},
      primaryClass={cs.CR}
}

@misc{conversion,
author = {Yoo, In-Chul and Lee, Keonnyeong and Leem, Seonggyun and Oh, Hyunwoo and Ko, Bonggu and Yook, Dongsuk},
year = {2020},
month = {01},
pages = {198637-198645},
title = {Speaker Anonymization for Personal Information Protection Using Voice Conversion Techniques},
volume = {8},
journal = {IEEE Access},
doi = {10.1109/ACCESS.2020.3035416}
}



@misc{turner2022im,
      title={I'm Hearing (Different) Voices: Anonymous Voices to Protect User Privacy}, 
      author={Henry Turner and Giulio Lovisotto and Simon Eberz and Ivan Martinovic},
      year={2022},
      eprint={2202.06278},
      archivePrefix={arXiv},
      primaryClass={cs.CR}
}

@INPROCEEDINGS{wavenet,
  author={Kleijn, W. Bastiaan and Lim, Felicia S. C. and Luebs, Alejandro and Skoglund, Jan and Stimberg, Florian and Wang, Quan and Walters, Thomas C.},
  booktitle={2018 IEEE International Conference on Acoustics, Speech and Signal Processing (ICASSP)}, 
  title={Wavenet Based Low Rate Speech Coding}, 
  year={2018},
  volume={},
  number={},
  pages={676-680},
  doi={10.1109/ICASSP.2018.8462529}
}
