
@inproceedings{ep1,
author = {Danezis, George and Syverson, Paul},
year = {2008},
month = {07},
pages = {151-166},
title = {Bridging and Fingerprinting: Epistemic Attacks on Route Selection},
volume = {5134},
isbn = {978-3-540-70629-8},
doi = {10.1007/978-3-540-70630-4_10}
}

@inproceedings{n-1,
author = {Serjantov, Andrei and Dingledine, Roger and Syverson, Paul},
year = {2003},
month = {02},
pages = {},
title = {From a Trickle to a Flood: Active Attacks on Several Mix Types},
volume = {2578},
isbn = {978-3-540-00421-9},
journal = {Lecture Notes in Computer Science},
doi = {10.1007/3-540-36415-3_3}
}

@inproceedings{bayes,
author = {Troncoso, Carmela and Danezis, George},
year = {2009},
month = {11},
pages = {369-379},
title = {The Bayesian traffic analysis of mix networks},
journal = {Proceedings of the ACM Conference on Computer and Communications Security},
doi = {10.1145/1653662.1653707}
}

@InProceedings{int,
author="Danezis, George
and Serjantov, Andrei",
editor="Fridrich, Jessica",
title="Statistical Disclosure or Intersection Attacks on Anonymity Systems",
booktitle="Information Hiding",
year="2005",
publisher="Springer Berlin Heidelberg",
address="Berlin, Heidelberg",
pages="293--308",
isbn="978-3-540-30114-1"
}

@InProceedings{timing,
author="Feigenbaum, Joan
and Johnson, Aaron
and Syverson, Paul",
editor="Atallah, Mikhail J.
and Hopper, Nicholas J.",
title="Preventing Active Timing Attacks in Low-Latency Anonymous Communication",
booktitle="Privacy Enhancing Technologies",
year="2010",
publisher="Springer Berlin Heidelberg",
address="Berlin, Heidelberg",
pages="166--183",
}

@inproceedings{timing2,
author = {Shmatikov, Vitaly and Wang, Ming-Hsiu},
year = {2006},
month = {01},
pages = {18-33},
title = {Timing Analysis in Low-Latency Mix Networks: Attacks and Defenses},
volume = {4189},
isbn = {978-3-540-44601-9},
doi = {10.1007/11863908_2}
}

@inproceedings{shor,
    title = {https://en.wikipedia.org/wiki/Shor's\_algorithm},
}

@inproceedings{compulsion,
author = {Danezis, George and Clulow, Jolyon},
year = {2005},
month = {06},
pages = {11-25},
title = {Compulsion Resistant Anonymous Communications},
isbn = {978-3-540-29039-1},
doi = {10.1007/11558859_2}
}

@inproceedings{stopandgo,
author = {Kesdogan, Dogan and Egner, Jan and Büschkes, Roland},
year = {1998},
month = {04},
pages = {83-98},
title = {Stop- and- Go-MIXes Providing Probabilistic Anonymity in an Open System},
volume = {1525},
isbn = {978-3-540-65386-8},
doi = {10.1007/3-540-49380-8_7}
}

@misc{loopix,
      title={The Loopix Anonymity System}, 
      author={Ania Piotrowska and Jamie Hayes and Tariq Elahi and Sebastian Meiser and George Danezis},
      year={2017},
      eprint={1703.00536},
      archivePrefix={arXiv},
      primaryClass={cs.CR}
}

@inproceedings{pqnoise,
author = {Yawning Angel and Benjamin Dowling and Andreas Hülsing and Peter Schwabe and Fiona Johanna Weber},
title = {Post Quantum Noise},
year = {2022},
doi = {10.1145/3548606.3560577},
}

@article{Wright:2004,
  title = {{The Predecessor Attack: An Analysis of a Threat to Anonymous Communications
        Systems}}, 
  author = {Matthew Wright and Micah Adler and Brian Neil Levine and Clay Shields}, 
  journal = {ACM Transactions on Information and System Security (TISSEC)}, 
  volume = {4}, 
  number = {7}, 
  year = {2004}, 
  month = {November}, 
  pages = {489--522}, 
  www_tags = {selected}, 
  www_pdf_url = {http://prisms.cs.umass.edu/brian/pubs/wright-tissec.pdf}, 
  keywords = {anonymity; Journal Paper}, 
  www_section = {Traffic analysis}, 
}

@INPROCEEDINGS{sphinx,
  author={Danezis, George and Goldberg, Ian},
  booktitle={2009 30th IEEE Symposium on Security and Privacy}, 
  title={Sphinx: A Compact and Provably Secure Mix Format}, 
  year={2009},
  volume={},
  number={},
  pages={269-282},
  doi={10.1109/SP.2009.15}}